<?xml version="1.0" encoding="UTF-8"?>
<collection xmlns:xsi="http://www.w3.org/2001/XMLSchema-instance" xsi:schemaLocation="http://www.loc.gov/MARC21/slim http://www.loc.gov/standards/marcxml/schema/MARC21slim.xsd" xmlns="http://www.loc.gov/MARC21/slim">
<record>
  <leader>01123cam a2200253Ia 4500</leader>
  <controlfield tag="001">5961409</controlfield>
  <controlfield tag="003">NNC</controlfield>
  <controlfield tag="005">20121019005603.0</controlfield>
  <controlfield tag="008">870501s1962    sy            000 0 arard</controlfield>
  <datafield tag="035" ind1=" " ind2=" ">
    <subfield code="a">(OCoLC)ocm15619429</subfield>
  </datafield>
  <datafield tag="035" ind1=" " ind2=" ">
    <subfield code="a">(NNC)5961409</subfield>
  </datafield>
  <datafield tag="040" ind1=" " ind2=" ">
    <subfield code="a">OSU</subfield>
    <subfield code="c">OSU</subfield>
    <subfield code="d">OCL</subfield>
    <subfield code="d">OCLCQ</subfield>
    <subfield code="d">ZCU</subfield>
  </datafield>
  <datafield tag="090" ind1=" " ind2=" ">
    <subfield code="a">PQ3989.2.Y32</subfield>
    <subfield code="b">C4157 1962</subfield>
  </datafield>
  <datafield tag="100" ind1="1" ind2=" ">
    <subfield code="a">Kateb, Yacine,</subfield>
    <subfield code="d">1929-1989.</subfield>
  </datafield>
  <datafield tag="240" ind1="1" ind2="0">
    <subfield code="a">Cadavre encerclé.</subfield>
    <subfield code="l">Arabic</subfield>
  </datafield>
  <datafield tag="245" ind1="1" ind2="3">
    <subfield code="a">al-Juththah al-muṭawwaqah ; al-Ajdād yazdādūna ḍarāwah :</subfield>
    <subfield code="b">masraḥīyatān /</subfield>
    <subfield code="c">taʾlīf Kātib Yāsīn ; tarjamat Mālik Abyaḍ al-ʻĪsá ; murājaʻat Kamāl Khūrī.</subfield>
  </datafield>
  <datafield tag="260" ind1=" " ind2=" ">
    <subfield code="a">Dimashq :</subfield>
    <subfield code="b">Wizārat al-Thaqāfah wa-al-Irshād al-Qawmī, Mudīrīyat al-Taʾlīf wa-al-Tarjamah ;</subfield>
    <subfield code="a">Dār Dimashq,</subfield>
    <subfield code="c">1962.</subfield>
  </datafield>
  <datafield tag="300" ind1=" " ind2=" ">
    <subfield code="a">133 o. ;</subfield>
    <subfield code="c">21 cm.</subfield>
  </datafield>
  <datafield tag="490" ind1="1" ind2=" ">
    <subfield code="a">Silsilat al-adab al-Jazāʾirī ;</subfield>
    <subfield code="v">5</subfield>
  </datafield>
  <datafield tag="500" ind1=" " ind2=" ">
    <subfield code="a">Plays.</subfield>
  </datafield>
  <datafield tag="500" ind1=" " ind2=" ">
    <subfield code="a">Translation of: Le cadavre encerclé, and Les ancêtres redoublent de férocité.</subfield>
  </datafield>
  <datafield tag="700" ind1="1" ind2=" ">
    <subfield code="a">Kateb, Yacine,</subfield>
    <subfield code="d">1929-1989.</subfield>
    <subfield code="t">Ancêtres redoublent de férocité.</subfield>
    <subfield code="l">Arabic.</subfield>
  </datafield>
  <datafield tag="830" ind1=" " ind2="0">
    <subfield code="a">Silsilat al-adab al-Jazāʼirī ;</subfield>
    <subfield code="v">5.</subfield>
  </datafield>
  <datafield tag="955" ind1=" " ind2=" ">
    <subfield code="b">0045343047</subfield>
    <subfield code="d">glx</subfield>
    <subfield code="e">956.9 Sy19 v.5</subfield>
  </datafield>
</record>
</collection>